<record><leader>00000cas a22000007a 4500</leader><controlfield tag="001">11721990</controlfield><controlfield tag="008">850222c19629999njuwr ne      0    0eng d</controlfield><datafield ind1=" " ind2=" " tag="010"><subfield code="a">sn 85035518 </subfield></datafield><datafield ind1=" " ind2=" " tag="040"><subfield code="a">NPA</subfield><subfield code="b">eng</subfield><subfield code="c">NPA</subfield><subfield code="d">DLC</subfield><subfield code="d">NJW</subfield><subfield code="d">OCLCQ</subfield></datafield><datafield ind1=" " ind2=" " tag="042"><subfield code="a">msc</subfield></datafield><datafield ind1="0" ind2=" " tag="130"><subfield code="a">Citizen of Morris County (Denville, N.J. : 1962)</subfield></datafield><datafield ind1="1" ind2="4" tag="245"><subfield code="a">The citizen of Morris County.</subfield></datafield><datafield ind1="1" ind2="7" tag="246"><subfield code="a">Citizen</subfield></datafield><datafield ind1=" " ind2=" " tag="260"><subfield code="a">Denville, N.J. :</subfield><subfield code="b">Citizen of Morris County, Inc.,</subfield><subfield code="c">1962-</subfield></datafield><datafield ind1=" " ind2=" " tag="300"><subfield code="a">v. :</subfield><subfield code="b">ill.</subfield></datafield><datafield ind1=" " ind2=" " tag="310"><subfield code="a">Weekly</subfield></datafield><datafield ind1="0" ind2=" " tag="362"><subfield code="a">Vol. 16, no. 49 (Feb. 21, 1962)-</subfield></datafield><datafield ind1=" " ind2=" " tag="525"><subfield code="a">Has occasional supplements.</subfield></datafield><datafield ind1=" " ind2=" " tag="530"><subfield code="a">Available on microfilm from Microfilming Corp. of America.</subfield></datafield><datafield ind1=" " ind2=" " tag="580"><subfield code="a">Formed by the union of: Denville citizen; Rockaway citizen; Mountain Lakes citizen; Montville citizen; Parsippany-Troy Hills citizen; and: Citizen of Morris County (Denville, N.J.).</subfield></datafield><datafield ind1=" " ind2=" " tag="752"><subfield code="a">United States</subfield><subfield code="b">New Jersey</subfield><subfield code="c">Morris</subfield><subfield code="d">Denville.</subfield></datafield><datafield ind1="1" ind2="4" tag="780"><subfield code="t">Mountain Lakes citizen</subfield><subfield code="w">(DLC)sn 85035514</subfield></datafield><datafield ind1="1" ind2="4" tag="780"><subfield code="t">Montville citizen</subfield><subfield code="w">(DLC)sn 85035515</subfield></datafield><datafield ind1="1" ind2="4" tag="780"><subfield code="t">Parsippany-Troy Hills citizen</subfield><subfield code="w">(DLC)sn 85035516</subfield></datafield><datafield ind1="1" ind2="4" tag="780"><subfield code="t">Citizen of Morris County (Denville, N.J.)</subfield><subfield code="b">Boonton ed.</subfield><subfield code="w">(DLC)sn 85035517</subfield></datafield><datafield ind1="1" ind2="4" tag="780"><subfield code="t">Denville citizen</subfield><subfield code="w">(DLC)sn 85035511</subfield></datafield><datafield ind1="1" ind2="4" tag="780"><subfield code="t">Rockaway citizen</subfield><subfield code="w">(DLC)sn 85035512</subfield></datafield></record>